@incollection{pcgbook75,
	author={Togelius, Julian and Shaker, Noor and Nelson, Mark J.},
	title={Grammars and L-systems with applications to vegetation and levels},
	booktitle={Procedural Content Generation in Games: A Textbook and an Overview of Current Research},
	editor={Shaker, Noor and Togelius, Julian and Nelson, Mark J.},
	pages={75},
	publisher={Springer},
	year={2016},
	note = "[cit. 2022-01-10]"
}

@incollection{abop7,
	author={Przemyslaw Prusinkiewicz, Aristid Lindenmayer},
	title={Graphical modeling using L-systems},
	booktitle={The Algorithmic Beauty of Plants},
	pages={7},
	publisher={Springer},
	year={1996},
	note = "[cit. 2022-01-10]"
}

@incollection{abop24,
	author={Przemyslaw Prusinkiewicz, Aristid Lindenmayer},
	title={Graphical modeling using L-systems},
	booktitle={The Algorithmic Beauty of Plants},
	pages={24},
	publisher={Springer},
	year={1996},
	note = "[cit. 2022-01-10]"
}

@incollection{abop28,
	author={Przemyslaw Prusinkiewicz, Aristid Lindenmayer},
	title={Graphical modeling using L-systems},
	booktitle={The Algorithmic Beauty of Plants},
	pages={28},
	publisher={Springer},
	year={1996},
	note = "[cit. 2022-01-10]"
}

@incollection{abop57,
	author={Przemyslaw Prusinkiewicz, Aristid Lindenmayer},
	title={Modeling of trees},
	booktitle={The Algorithmic Beauty of Plants},
	pages={57},
	publisher={Springer},
	year={1996},
	note = "[cit. 2022-01-10]"
}
